<?xml version="1.0" encoding="UTF-8"?><record xmlns="http://www.loc.gov/MARC21/slim" xmlns:cinclude="http://apache.org/cocoon/include/1.0" xmlns:zs="http://www.loc.gov/zing/srw/">
  <leader>00510cz  a2200145n  4500</leader>
  <controlfield tag="001">n  89183317 </controlfield>
  <controlfield tag="003">DLC</controlfield>
  <controlfield tag="005">19940408115047.6</controlfield>
  <controlfield tag="008">940321n| acannaab|          |a aaa |||  </controlfield>
  <datafield tag="010" ind1=" " ind2=" ">
    <subfield code="a">n  89183317 </subfield>
  </datafield>
  <datafield tag="040" ind1=" " ind2=" ">
    <subfield code="a">DLC</subfield>
    <subfield code="c">DLC</subfield>
    <subfield code="d">DLC</subfield>
  </datafield>
  <datafield tag="100" ind1="1" ind2="0">
    <subfield code="a">Souza, Maria de Lourdes de</subfield>
  </datafield>
  <datafield tag="400" ind1="1" ind2="0">
    <subfield code="a">De Souza, Maria de Lourdes</subfield>
  </datafield>
  <datafield tag="400" ind1="1" ind2="0">
    <subfield code="a">Sousa, Maria de Lourdes de</subfield>
  </datafield>
  <datafield tag="670" ind1=" " ind2=" ">
    <subfield code="a">Seminário de Extensão Universitária da Região Sul (9th : 1991 : Florianópolis, Brazil). Anais, 1992:</subfield>
    <subfield code="b">t.p. (Maria de Lourdes de Souza, prof. UFSC)</subfield>
  </datafield>
</record>